@misc{FirstGame,
	author={APS NEWS},
	title={October 1958: Physicist Invents First Video Game}, 
	volume={17},
	number={9},
	year={2008},
	howpublished={\url{https://www.aps.org/publications/apsnews/200810/physicshistory.cfm}},
}

@misc{First3DGame,
	author={Justine Jordan},
	title={What’s the First 3D Game in the World?},
	year={2021},
	howpublished={\url{https://narrasoft.com/what-is-the-first-3d-game-in-the-world/}},
}

@INPROCEEDINGS{IEEE,
	publisher = "IEEE",
	author={Huiqiang Lu and Wang Yijin and Ying Hu},
	booktitle={World Automation Congress 2012}, 
	title={Design and implementation of three-dimensional game engine}, 
	year={2012},
	url={https://ieeexplore.ieee.org/document/6321770/},
	pages={1-4},
}

@INPROCEEDINGS{7821753,
	publisher = "IEEE",
	author={Ali, Zulfiqar and Usman, Muhammad},
	booktitle={2016 Future Technologies Conference (FTC)}, 
	title={A framework for game engine selection for gamification and serious games}, 
	year={2016},
	pages={1199-1207},
	doi={10.1109/FTC.2016.7821753}
}

@INPROCEEDINGS{5460160,
	publisher = "IEEE",
	author={Petridis, Panagiotis and Dunwell, Ian and de Freitas, Sara and Panzoli, David},
	booktitle={2010 Second International Conference on Games and Virtual Worlds for Serious Applications}, 
	title={An Engine Selection Methodology for High Fidelity Serious Games}, 
	year={2010},
	pages={27-34},
	doi={10.1109/VS-GAMES.2010.26}
}

@INPROCEEDINGS{6295169,
	publisher = "IEEE",
	author={Xie, Jingming},
	booktitle={2012 7th International Conference on Computer Science & Education (ICCSE)}, 
	title={Research on key technologies base Unity3D game engine}, 
	year={2012},
	pages={695-699},
	doi={10.1109/ICCSE.2012.6295169}
}

@INPROCEEDINGS{6218040,
	publisher = "IEEE",
	author={Lee, G. Nadia E. and de Clunie, Gisela T. and Santana, Gregorio},
	booktitle={2012 6th Euro American Conference on Telematics and Information Systems (EATIS)}, 
	title={3D game engine as a visual information system}, 
	year={2012},
	pages={1-4},
}

@INPROCEEDINGS{7973518,
	publisher = "IEEE",
	author={Pavkov, Sanja and Franković, Ivona and Hoić-Božić, Nataša},
	booktitle={2017 40th International Convention on Information and Communication Technology, Electronics and Microelectronics (MIPRO)}, 
	title={Comparison of game engines for serious games}, 
	year={2017},
	pages={728-733},
	doi={10.23919/MIPRO.2017.7973518}
}